@article{https://doi.org/10.1002/evan.21770,
author = {Ioannidou, Melania and Falcucci, Armando and RÃ¶ding, Carolin and Kandel, Andrew W.},
title = {Eighth Annual Meeting of the European Society for the Study of Human Evolution},
journal = {Evolutionary Anthropology: Issues, News, and Reviews},
volume = {28},
number = {2},
pages = {52-54},
doi = {https://doi.org/10.1002/evan.21770},
url = {https://onlinelibrary.wiley.com/doi/abs/10.1002/evan.21770},
eprint = {https://onlinelibrary.wiley.com/doi/pdf/10.1002/evan.21770},
year = {2019}
}

