@article{RN1902,
   author = {Falcucci, Armando and Giusti, Domenico and Zangrossi, Filippo and De Lorenzi, Matteo and Ceregatti, Letizia and Peresani, Marco},
   title = {Refitting the Context: A Reconsideration of Cultural Change among Early Homo sapiens at Fumane Cave through Blade Break Connections, Spatial Taphonomy, and Lithic Technology},
   journal = {Journal of Paleolithic Archaeology},
   volume = {8},
   number = {1},
   pages = {2},
   ISSN = {2520-8217},
   DOI = {10.1007/s41982-024-00203-0},
   url = {https://doi.org/10.1007/s41982-024-00203-0},
   year = {2024},
   type = {Journal Article}
}

