@article{BATAILLE2020102685,
title = {Technological differences between Kostenki 17/II (Spitsynskaya industry, Central Russia) and the Protoaurignacian: Reply to Dinnis etÂ al. (2019)},
journal = {Journal of Human Evolution},
volume = {146},
pages = {102685},
year = {2020},
issn = {0047-2484},
doi = {https://doi.org/10.1016/j.jhevol.2019.102685},
url = {https://www.sciencedirect.com/science/article/pii/S0047248419301472},
author = {Guido Bataille and Armando Falcucci and Yvonne Tafelmaier and Nicholas J. Conard},
keywords = {Aurignacian, Lithic technology, Fumane, Labeko Koba, Arbreda, Aquitaine model}
}