@article{RN762,
   author = {Falcucci, A. and Conard, N.J. and Peresani, M.},
   title = {Breaking through the Aquitaine frame: A re-evaluation on the significance of regional variants during the Aurignacian as seen from a key record in southern Europe},
   journal = {Journal of Anthropological Sciences},
   volume = {98},
   pages = {99-140},
   DOI = {10.4436/JASS.98021},
   year = {2020},
   type = {Journal Article}
}

