@article{RN1040,
   author = {Falcucci, A. and Peresani, M.},
   title = {A pre-Heinrich Event 3 assemblage at Fumane Cave and its contribution for understanding the beginning of the Gravettian in Italy},
   journal = {Quartär},
   volume = {66},
   pages = {135-154},
   DOI = {10.7485/QU66_6},
   year = {2019},
   type = {Journal Article}
}

