@article{RN785,
   author = {Falcucci, A.},
   title = {Towards a renewed definition of the Protoaurignacian},
   journal = {Mitteilungen der Gesellschaft für Urgeschichte},
   volume = {27},
   pages = {87-130},
   year = {2018},
   type = {Journal Article}
}

