@article{RN1853,
   author = {Higham, Tom and Frouin, Marine and Douka, Katerina and Ronchitelli, Annamaria and Boscato, Paolo and Benazzi, Stefano and Crezzini, Jacopo and Spagnolo, Vincenzo and McCarty, Maxine and Marciani, Giulia and Falcucci, Armando and Rossini, Matteo and Arrighi, Simona and Dominici, Clarissa and Devièse, Thibaut and Schwenninger, Jean-Luc and Martini, Ivan and Moroni, Adriana and Boschin, Francesco},
   title = {Chronometric data and stratigraphic evidence support discontinuity between Neanderthals and early Homo sapiens in the Italian Peninsula},
   journal = {Nature Communications},
   volume = {15},
   number = {1},
   pages = {8016},
   ISSN = {2041-1723},
   DOI = {10.1038/s41467-024-51546-9},
   url = {https://doi.org/10.1038/s41467-024-51546-9},
   year = {2024},
   type = {Journal Article}
}

