






@article{doi:10.1080/01977261.2018.1439681,
author = {Armando Falcucci and Marco Peresani},
title = {Protoaurignacian Core Reduction Procedures: Blade and Bladelet Technologies at Fumane Cave},
journal = {Lithic Technology},
volume = {43},
number = {2},
pages = {125-140},
year  = {2018},
publisher = {Routledge},
doi = {10.1080/01977261.2018.1439681},

URL = { 
        https://doi.org/10.1080/01977261.2018.1439681
    
},
eprint = { 
        https://doi.org/10.1080/01977261.2018.1439681
    
}

}


