@inproceedings{example1,
  title={The contribution of integrated 3D model analysis to Protoaurignacian stone tool design},
  author={Falcucci, Armando and Peresani, Marco},
  booktitle={Source Themes Conference},
  pages={1--6},
  year={2022},
  organization={IEEE}
}
